%% This BibTeX bibliography file was created using BibDesk.
%% http://bibdesk.sourceforge.net/


%% Created for Kevin at 2014-02-24 19:21:35 +0100 


%% Saved with string encoding Unicode (UTF-8) 



@book{garcia2000numerical,
	Author = {Garcia, A.L.},
	Date-Added = {2014-02-24 18:18:54 +0000},
	Date-Modified = {2014-02-24 18:18:54 +0000},
	Isbn = {9780139067440},
	Lccn = {99028552},
	Publisher = {Prentice Hall},
	Title = {Numerical methods for physics},
	Url = {http://books.google.ca/books?id=MPVAAQAAIAAJ},
	Year = {2000},
	Bdsk-Url-1 = {http://books.google.ca/books?id=MPVAAQAAIAAJ}}
